<record><leader>00000cas a22000007a 4500</leader><controlfield tag="001">37924185</controlfield><controlfield tag="008">971112d19061910okuwr n       0    0eng d</controlfield><datafield ind1=" " ind2=" " tag="010"><subfield code="a">sn 97070418 </subfield></datafield><datafield ind1=" " ind2=" " tag="040"><subfield code="a">OBN</subfield><subfield code="b">eng</subfield><subfield code="c">OBN</subfield><subfield code="d">OCLCQ</subfield><subfield code="d">OCLCO</subfield></datafield><datafield ind1="1" ind2=" " tag="029"><subfield code="a">AU@</subfield><subfield code="b">000013613300</subfield></datafield><datafield ind1=" " ind2=" " tag="042"><subfield code="a">msc</subfield></datafield><datafield ind1=" " ind2=" " tag="043"><subfield code="a">n-us-ok</subfield></datafield><datafield ind1="0" ind2="0" tag="245"><subfield code="a">Ada weekly democrat.</subfield></datafield><datafield ind1="3" ind2=" " tag="246"><subfield code="a">Ada democrat</subfield></datafield><datafield ind1=" " ind2=" " tag="260"><subfield code="a">Ada, Chickasaw Nation, Indian Territory [Okla.] :</subfield><subfield code="b">A.D. Tanner</subfield></datafield><datafield ind1=" " ind2=" " tag="300"><subfield code="a">v.</subfield></datafield><datafield ind1=" " ind2=" " tag="310"><subfield code="a">Weekly</subfield></datafield><datafield ind1="0" ind2=" " tag="362"><subfield code="a">-v. 11, no. 4 (Aug. 26, 1910).</subfield></datafield><datafield ind1="1" ind2=" " tag="362"><subfield code="a">Began in 1906.</subfield></datafield><datafield ind1=" " ind2=" " tag="588"><subfield code="a">Description based on: Vol. 6, no. 49 (July 13, 1906).</subfield></datafield><datafield ind1=" " ind2="0" tag="651"><subfield code="a">Ada (Okla.)</subfield><subfield code="v">Newspapers.</subfield></datafield><datafield ind1=" " ind2="0" tag="651"><subfield code="a">Pontotoc County (Okla.)</subfield><subfield code="v">Newspapers.</subfield></datafield><datafield ind1=" " ind2="0" tag="651"><subfield code="a">Indian Territory</subfield><subfield code="v">Newspapers.</subfield></datafield><datafield ind1=" " ind2="0" tag="651"><subfield code="a">Chickasaw Nation (Okla.)</subfield><subfield code="v">Newspapers.</subfield></datafield><datafield ind1="0" ind2="0" tag="780"><subfield code="t">Ada weekly star</subfield><subfield code="w">(DLC)sn 97070417</subfield><subfield code="w">(OCoLC)37924135</subfield></datafield><datafield ind1="0" ind2="4" tag="785"><subfield code="t">Ada weekly news</subfield><subfield code="w">(DLC)sn 97070414</subfield><subfield code="w">(OCoLC)37923866</subfield></datafield></record>